@unpublished{MathWorks, 
title = {MathWorks Output Functions},
note = {Available at \url{https://www.mathworks.com/help/releases/R2015b/optim/ug/output-functions.html}}
}

@article{derivativefree,
  author    = {Anne Auger and
               Nikolaus Hansen and
               Jorge M. Perez Zerpa and
               Raymond Ros and
               Marc Schoenauer},
  title     = {Experimental Comparisons of Derivative Free Optimization Algorithms},
  journal   = {CoRR},
  volume    = {abs/1005.5631},
  year      = {2010},
  url       = {http://arxiv.org/abs/1005.5631},
  archivePrefix = {arXiv},
  eprint    = {1005.5631},
  timestamp = {Mon, 13 Aug 2018 16:46:09 +0200},
  biburl    = {https://dblp.org/rec/bib/journals/corr/abs-1005-5631},
  bibsource = {dblp computer science bibliography, https://dblp.org}
}

@article{orthogonal,
 author = {Hansen, Nikolaus and Ostermeier, Andreas},
 title = {Completely Derandomized Self-Adaptation in Evolution Strategies},
 journal = {Evol. Comput.},
 issue_date = {June 2001},
 volume = {9},
 number = {2},
 month = jun,
 year = {2001},
 issn = {1063-6560},
 pages = {159--195},
 numpages = {37},
 url = {http://dx.doi.org/10.1162/106365601750190398},
 doi = {10.1162/106365601750190398},
 acmid = {1108843},
 publisher = {MIT Press},
 address = {Cambridge, MA, USA},
}

@unpublished{pureCMAES, 
title = {CMAES Implementation},
note = {Available at \url{http://cma.gforge.inria.fr/cmaes_sourcecode_page.html#matlab}}
}