\begin{thebibliography}{9}
\bibitem{MathWorks} 
MathWorks Output Functions,
\\\texttt{https://www.mathworks.com/help/releases/R2015b/optim/ug/output-functions.html}
\end{thebibliography}

